% Encoding: UTF-8

@Datasheet{L6206,
  title       = {{L6206 DMOS dual full bridge driver}},
  institution = {STMicroelectronics},
  year        = {October 2018},
  author      = {STMicroelectronics},
  url         = {https://www.st.com/en/ecosystems/x-nucleo-ihm04a1.html},
}

@Datasheet{IHM04,
  title         = {{UM1925 User Manual. Getting Started With The X-nucleo-IHM04a1 Dual Brush Dc Motor Driver Expansion Board For Stm32 Nucleo}},
  institution   = {STMicroelectronics},
  year          = {August 2015},
  author        = {STMicroelectronics},
  __markedentry = {[juanjimenez:1]},
}

@Eref{IHM15,
  title        = {{UM2393. User Manual. Getting started with the X-NUCLEO-IHM15A1 dual brush DC motor driverexpansion based on STSPIN840 for STM32Nucleo}},
  author       = {STMicroelectronics},
  organization = {STMicroelectronics},
  date         = {2018-05},
  howpublished = {\url{https://www.st.com/en/motor-drivers/stspin840.html#tools-software}},
  institution  = {StMicroelectronics},
  year         = {May, 2018},
}

@Eref{STSPIN840,
  title        = {{STSPIN840. Compact dual brushed DC motor driver}},
  author       = {STMicroelectronics},
  organization = {STMicroelectronics},
  date         = {2018-05},
  howpublished = {\url{https://www.st.com/en/motor-drivers/stspin840.html}},
  institution  = {STMicroelectronics},
  year         = {May, 2018},
}

@Eref{STNUCLEO,
  title        = {{UM1724 User manual. STM32 Nucleo-64 boards (MB1136)}},
  author       = {STMicroelectronics},
  organization = {STMicroelectronics},
  date         = {2019-04},
  howpublished = {\url{https://www.st.com/en/evaluation-tools/nucleo-f411re.html#}},
  institution  = {STMicroelectronics},
  year         = {April 2019},
}

@Eref{EMG30,
  title        = {{RB-DEV-40 Devantech 12V, 30:1 Gear Motor w/ Encoder}},
  author       = {Devantech},
  organization = {Devantech},
  date         = {1200-01},
  howpublished = {\url{https://www.robotshop.com/media/files/pdf/datasheet-emg30_1.pdf}},
  institution  = {Devantech},
  url          = {https://www.robot-electronics.co.uk/htm/emg30.htm},
  year         = {1200},
}

@Datasheet{STNUCLEOSF,
  title       = {{UM1727. User manual. Getting started with STM32 Nucleo board software development tools}},
  institution = {STMicroelectronics},
  year        = {January, 2016},
  author      = {STMicroelectronics},
}

@Eref{slkhelp,
  title        = {{Simulink Coder Support Package for STMicroelectronics Nucleo Boards}},
  author       = {The Matworks},
  organization = {Tje Matworks},
  date         = {2019},
  howpublished = {\url{https://es.mathworks.com/help/supportpkg/nucleo/index.html}},
  url          = {https://es.mathworks.com/help/supportpkg/nucleo/index.html},
}

@Comment{jabref-meta: databaseType:bibtex;}

@Comment{jabref-entrytype: Datasheet: req[title;institution;year;author] opt[url]}

@Comment{jabref-entrytype: Eref: req[title;author;organization;date;howpublished] opt[]}
